
@article{,
	Author = {},
	Journal = {},
	Number = {},
	Pages = {},
	Title = {},
	Volume = {},
	Year = {}}

@article{redteamingchatgpt,
  title={Red teaming ChatGPT via Jailbreaking: Bias, Robustness, Reliability and Toxicity},
  author={Terry Yue Zhuo and Yujin Huang and Chunyang Chen and Zhenchang Xing},
  pages={1--13},
  year={2023},
  publisher={arXiv},
}

@article{riseofchatgpt,
  title={The rise of ChatGPT prompts call for AI regulation},
  author={Calvin Tang},
  year={2023},
  publisher={China Daily Information Co}
}

@article{ethicalaspects,
    author ={Muhammad Azeem Akbar and Arif Ali Khan and Peng Liang},
    title ={Ethical Aspects of ChatGPT in Software Engineering Research},
    journal ={IEEE Transactions on Artificial Intelligence},
    year = {2023},
}

@article{genderbias,
    author = {Vishesh Thakur},
    title ={Unveiling Gender Bias in Terms of Profession Across LLMs: Analyzing and Addressing Sociological Implications},
    year = {2023},
    publisher ={Arxiv},
}

@article{openaiteam,
    author ={Daniel Dominguez} ,
    title ={OpenAI Introduces Superalignment to Address Rogue Superintelligent AI},
    year = {2023},
    publisher ={InfoQ},
}

@article{tacklingdilemma,
    title ={Tackling the ethical dilemma of responsibility in Large Language Models},
    publisher ={University of Oxford},
    year ={2023},
}

@article{ethicsofllms,
    author ={Hanzhou Li and John T Moon and Saptarshi Purkayastha and Anthony Leo Celi and Hari Trivedi},
    title ={Ethics of large language models in medicine and medical research},
    journal={},
    publisher={Elsevier},
    year = {2023},
}

@article{akbar2023ethical,
  title={Ethical Aspects of ChatGPT in Software Engineering Research},
  author={Akbar, Muhammad Azeem and Khan, Arif Ali and Liang, Peng},
  journal={IEEE Transactions on Artificial Intelligence},
  year={2023}
}

@article{khan2023ai,
  title={AI ethics: an empirical study on the views of practitioners and lawmakers},
  author={Khan, Arif Ali and Akbar, Muhammad Azeem and Fahmideh, Mahdi and Liang, Peng and Waseem, Muhammad and Ahmad, Aakash and Niazi, Mahmood and Abrahamsson, Pekka},
  journal={IEEE Transactions on Computational Social Systems},
  year={2023},
  publisher={IEEE}
}

@inproceedings{khan2022ethics,
  title={Ethics of AI: A systematic literature review of principles and challenges},
  author={Khan, Arif Ali and Badshah, Sher and Liang, Peng and Waseem, Muhammad and Khan, Bilal and Ahmad, Aakash and Fahmideh, Mahdi and Niazi, Mahmood and Akbar, Muhammad Azeem},
  booktitle={Proceedings of the 26th International Conference on Evaluation and Assessment in Software Engineering (EASE)},
  pages={383--392},
  year={2022}
}