
@article{,
	Author = {},
	Journal = {},
	Number = {},
	Pages = {},
	Title = {},
	Volume = {},
	Year = {}}

@article{larrucea2018microservices,
  title={Microservices},
  author={Larrucea, Xabier and Santamaria, Izaskun and Colomo-Palacios, Ricardo and Ebert, Christof},
  journal={IEEE Software},
  volume={35},
  number={3},
  pages={96--100},
  year={2018},
  publisher={IEEE}
}

@article{balalaie2016microservices,
  title={Microservices architecture enables devops: Migration to a cloud-native architecture},
  author={Balalaie, Armin and Heydarnoori, Abbas and Jamshidi, Pooyan},
  journal={Ieee Software},
  volume={33},
  number={3},
  pages={42--52},
  year={2016},
  publisher={IEEE}
}

@article{akbar2023ethical,
  title={Ethical Aspects of ChatGPT in Software Engineering Research},
  author={Akbar, Muhammad Azeem and Khan, Arif Ali and Liang, Peng},
  journal={IEEE Transactions on Artificial Intelligence},
  year={2023}
}

@article{khan2023ai,
  title={AI ethics: an empirical study on the views of practitioners and lawmakers},
  author={Khan, Arif Ali and Akbar, Muhammad Azeem and Fahmideh, Mahdi and Liang, Peng and Waseem, Muhammad and Ahmad, Aakash and Niazi, Mahmood and Abrahamsson, Pekka},
  journal={IEEE Transactions on Computational Social Systems},
  year={2023},
  publisher={IEEE}
}

@incollection{easterbrook2008selecting,
  title={Selecting empirical methods for software engineering research},
  author={Easterbrook, Steve and Singer, Janice and Storey, Margaret-Anne and Damian, Daniela},
  booktitle={Guide to advanced empirical software engineering},
  pages={285--311},
  year={2008},
  publisher={Springer}
}

@inproceedings{SystematicSearchMap2018,
  title={On different search methods for systematic literature reviews and maps: Experiences from a literature search on validation and verification of emergent behavior},
  author={Brings, J. and Daun, M. and Kempe, M. and Weyer, T.},
  booktitle={Proc. of the 22nd Int. Conf. on Evaluation and Assessment in Software Engineering (EASE)},
  pages={35--45},
  year={2018},
  organization={ACM}
}

@inproceedings{GitHubFilter2020,
  title={TopFilter: An approach to recommend relevant {GitHub} topics},
  author={Di Rocco, J. and Di Ruscio, D. and Di Sipio, C. and Nguyen, P. and Rubei, R.},
  booktitle={Proc. of the 14th ACM/IEEE Int. Symp. on Empirical Software Engineering and Measurement (ESEM)},
  pages={1--11},
  year={2020},
  organization={ACM}
}

@article{Star-GitHub2018,
  title={Whatâ€™s in a {GitHub} star? Understanding repository starring practices in a social coding platform},
  author={Borges, H. and Valente, M. T.},
  journal={Journal of Systems and Software},
  volume={146},
  pages={112--129},
  year={2018},
  publisher={Elsevier}
}

@article{palinkas2015purposeful,
  title={Purposeful sampling for qualitative data collection and analysis in mixed method implementation research},
  author={Palinkas, Lawrence A and Horwitz, Sarah M and Green, Carla A and Wisdom, Jennifer P and Duan, Naihua and Hoagwood, Kimberly},
  journal={Administration and policy in mental health and mental health services research},
  volume={42},
  number={5},
  pages={533--544},
  year={2015},
  publisher={Springer}
}
@inproceedings{cruzes2011recommended,
  title={Recommended steps for thematic synthesis in software engineering},
  author={Cruzes, Daniela S and Dyba, Tore},
  booktitle={2011 international symposium on empirical software engineering and measurement},
  pages={275--284},
  year={2011},
  organization={IEEE}
}

@book{glaser2017discovery,
  title={Discovery of grounded theory: Strategies for qualitative research},
  author={Glaser, Barney G and Strauss, Anselm L},
  year={2017},
  publisher={Routledge}
}
@inproceedings{hoda2017becoming,
  title={Becoming agile: a grounded theory of agile transitions in practice},
  author={Hoda, Rashina and Noble, James},
  booktitle={2017 IEEE/ACM 39th International Conference on Software Engineering (ICSE)},
  pages={141--151},
  year={2017},
  organization={IEEE}
}
@incollection{kitchenham2008personal,
  title={Personal opinion surveys},
  author={Kitchenham, Barbara A and Pfleeger, Shari L},
  booktitle={Guide to advanced empirical software engineering},
  pages={63--92},
  year={2008},
  publisher={Springer}
}

